<record><leader>00000cas a2200000 a 4500</leader><controlfield tag="001">31073299</controlfield><controlfield tag="008">940909c19759999sduwr ne      0    0eng d</controlfield><datafield ind1=" " ind2=" " tag="010"><subfield code="a">sn 96090214 </subfield></datafield><datafield ind1=" " ind2=" " tag="040"><subfield code="a">BHS</subfield><subfield code="b">eng</subfield><subfield code="c">BHS</subfield><subfield code="d">SXN</subfield><subfield code="d">OCL</subfield><subfield code="d">OCLCQ</subfield><subfield code="d">OCLCO</subfield></datafield><datafield ind1="1" ind2=" " tag="029"><subfield code="a">AU@</subfield><subfield code="b">000012845325</subfield></datafield><datafield ind1=" " ind2=" " tag="042"><subfield code="a">msc</subfield></datafield><datafield ind1=" " ind2=" " tag="043"><subfield code="a">n-us-sd</subfield></datafield><datafield ind1="0" ind2="0" tag="245"><subfield code="a">Nation's center news.</subfield></datafield><datafield ind1=" " ind2=" " tag="260"><subfield code="a">Buffalo, S.D. :</subfield><subfield code="b">Lawrence Brown,</subfield><subfield code="c">1975-</subfield></datafield><datafield ind1=" " ind2=" " tag="300"><subfield code="a">v.</subfield></datafield><datafield ind1=" " ind2=" " tag="310"><subfield code="a">Weekly,</subfield><subfield code="b">Oct. 29, 1976-</subfield></datafield><datafield ind1=" " ind2=" " tag="321"><subfield code="a">Semimonthly,</subfield><subfield code="b">1975-Oct. 15, 1976</subfield></datafield><datafield ind1="0" ind2=" " tag="362"><subfield code="a">Vol. 1, no. 1 (Nov. 21, 1975)-v. 4, no. 21 (May 24, 1979) ; v. 1, no. 1 (May 31, 1979)-</subfield></datafield><datafield ind1=" " ind2=" " tag="500"><subfield code="a">Published in: Buffalo, 1975-Oct. 28, 1977; Ludlow, Nov. 4, 1977-May 24, 1979; Buffalo, May 31, 1979-</subfield></datafield><datafield ind1=" " ind2=" " tag="530"><subfield code="a">Available on microfilm from: State Archives, South Dakota State Historical Society.</subfield></datafield><datafield ind1=" " ind2="0" tag="651"><subfield code="a">Buffalo (Harding County, S.D.)</subfield><subfield code="v">Newspapers.</subfield></datafield><datafield ind1=" " ind2="0" tag="651"><subfield code="a">Ludlow (S.D.)</subfield><subfield code="v">Newspapers.</subfield></datafield><datafield ind1=" " ind2="0" tag="651"><subfield code="a">Harding County (S.D.)</subfield><subfield code="v">Newspapers.</subfield></datafield><datafield ind1=" " ind2=" " tag="752"><subfield code="a">United States</subfield><subfield code="b">South Dakota</subfield><subfield code="c">Harding</subfield><subfield code="d">Buffalo.</subfield></datafield><datafield ind1=" " ind2=" " tag="752"><subfield code="a">United States</subfield><subfield code="b">South Dakota</subfield><subfield code="c">Harding</subfield><subfield code="d">Ludlow.</subfield></datafield><datafield ind1="0" ind2="1" tag="785"><subfield code="t">Cave Hills comment</subfield><subfield code="w">(DLC)sn 79000626</subfield></datafield></record>